@misc{url:limit-check,
  author = {Stephen Weeks},
  title = {{Limit Check Insertion via Loop Forests}},
  howpublished = "\url{http://www.mlton.org/pipermail/mlton-devel/2001-December/021178.html}",
  year = 2001
}